@Article{chorin,
	title = "Numerical Solution of the Navier-Stokes Equations*",
	author = "Alexandre Joel Chorin",
	journal = "Math. Comp.",
	pages = "745-762",
	volume = "22",
	year = "1968",
	doi = "10.1090/S0025-5718-1968-0242392-2"
}

@InBook{ viscous_fluid_flow_3,
	title = "Viscous Fluid Flow",
	author = "Frank M. White",
	publisher = "McGraw-Hill Education",
	chapter = "3 - Solutions of the Newtonian Viscous-Flow Equations",
	year = "2006"
}

@Electronic{ ns_numerical_solutions,
	title = "Numerical methods for the Navier-Stokes equations",
	author = "Prof. Hans Petter Langtangen",
	url = "http://hplgit.github.com/INF5620/doc/notes/main_ns.pdf"
}

@Electronic{ wiki_fluid_mechanics,
	title = "Fluid Mechanics",
	url = "http://en.wikipedia.org/wiki/Fluid_mechanics#Brief_history"
}

@Electronic{ ns_history,
	title = "Navier-Stokes equations",
	url = "http://www.cfd-online.com/Wiki/Navier-Stokes_equations#History"
}

@Electronic{ fenics,
	title = "FEniCS Project",
	url = "http://fenicsproject.org/"
}

@Electronics{ millennium,
	title = "Millennium Prize Problems",
	url = "http://en.wikipedia.org/wiki/Millennium_Prize_Problems"
}